@inproceedings{coates2011analysis,
  title={An analysis of single-layer networks in unsupervised feature learning},
  author={Coates, Adam and Ng, Andrew Y and Lee, Honglak},
  booktitle={International Conference on Artificial Intelligence and Statistics},
  pages={215--223},
  year={2011}
}

@Article{pope2007health,
  title={Health Care Financing Review},
  author={G.C. Pope and J. Kautter},
  pages={31-43},
  year={2007}
}

@misc{kroch2007hospital,
  author={E.A. Kroch and M. Duan and S. Silow-Carroll and J. A. Meyer},  
  title={Hospital Performance Management Improvement: Trends in Quality and Efficiency},
  institution={The Commonwealth Fund},
  year={2007}
}

@techreport{snyder2010data,
  title={Data mining and visualization: real time predictions and pattern discovery in hospital emergency rooms and immigration data},
  author={Snyder, Ashley M},
  year={2010},
  institution={DTIC Document}
}

@misc{namcs2009,
  key={NAMCS 2009},
  title={National Ambulatory Medical Care Survey},
  year={2009}
}

@misc{namcs2010,
  key={NAMCS 2010},
  title={National Ambulatory Medical Care Survey},
  year={2010}
}

@article{pedregosa2011scikit,
  title={Scikit-learn: Machine learning in Python},
  author={Pedregosa, Fabian and Varoquaux, Ga{\"e}l and Gramfort, Alexandre and Michel, Vincent and Thirion, Bertrand and Grisel, Olivier and Blondel, Mathieu and Prettenhofer, Peter and Weiss, Ron and Dubourg, Vincent and others},
  journal={The Journal of Machine Learning Research},
  volume={12},
  pages={2825--2830},
  year={2011},
  publisher={JMLR. org}
}

@article{yang2009discretization,
  title={Discretization for naive-Bayes learning: managing discretization bias and variance},
  author={Yang, Ying and Webb, Geoffrey I},
  journal={Machine learning},
  volume={74},
  number={1},
  pages={39--74},
  year={2009},
  publisher={Springer}
}
